%YAML 1.1
%TAG !u! tag:unity3d.com,2011:
--- !u!1 &845718795753967727
GameObject:
  m_ObjectHideFlags: 0
  m_CorrespondingSourceObject: {fileID: 0}
  m_PrefabInstance: {fileID: 0}
  m_PrefabAsset: {fileID: 0}
  serializedVersion: 6
  m_Component:
  - component: {fileID: 845718795753967726}
  m_Layer: 0
  m_Name: Grass3
  m_TagString: Untagged
  m_Icon: {fileID: 0}
  m_NavMeshLayer: 0
  m_StaticEditorFlags: 0
  m_IsActive: 1
--- !u!4 &845718795753967726
Transform:
  m_ObjectHideFlags: 0
  m_CorrespondingSourceObject: {fileID: 0}
  m_PrefabInstance: {fileID: 0}
  m_PrefabAsset: {fileID: 0}
  m_GameObject: {fileID: 845718795753967727}
  m_LocalRotation: {x: 0, y: 0, z: 0, w: 1}
  m_LocalPosition: {x: 0.58652884, y: 4.0677133, z: -4.7961397}
  m_LocalScale: {x: 1, y: 1, z: 1}
  m_Children:
  - {fileID: 8255132008237641915}
  - {fileID: 3367593759082066925}
  - {fileID: 5715584214622391048}
  - {fileID: 5715584215802126622}
  - {fileID: 2553317029932607510}
  - {fileID: 845718797160453785}
  m_Father: {fileID: 0}
  m_RootOrder: 0
  m_LocalEulerAnglesHint: {x: 0, y: 0, z: 0}
--- !u!1 &845718797160453782
GameObject:
  m_ObjectHideFlags: 0
  m_CorrespondingSourceObject: {fileID: 0}
  m_PrefabInstance: {fileID: 0}
  m_PrefabAsset: {fileID: 0}
  serializedVersion: 6
  m_Component:
  - component: {fileID: 845718797160453785}
  - component: {fileID: 845718797160453786}
  - component: {fileID: 845718797160453787}
  - component: {fileID: 845718797160453784}
  m_Layer: 8
  m_Name: Grass
  m_TagString: Untagged
  m_Icon: {fileID: 0}
  m_NavMeshLayer: 0
  m_StaticEditorFlags: 0
  m_IsActive: 1
--- !u!4 &845718797160453785
Transform:
  m_ObjectHideFlags: 0
  m_CorrespondingSourceObject: {fileID: 0}
  m_PrefabInstance: {fileID: 0}
  m_PrefabAsset: {fileID: 0}
  m_GameObject: {fileID: 845718797160453782}
  m_LocalRotation: {x: -0, y: -0, z: -0, w: 1}
  m_LocalPosition: {x: -3, y: 0, z: 0}
  m_LocalScale: {x: 24, y: 1, z: 1}
  m_Children: []
  m_Father: {fileID: 845718795753967726}
  m_RootOrder: 5
  m_LocalEulerAnglesHint: {x: 0, y: 0, z: 0}
--- !u!33 &845718797160453786
MeshFilter:
  m_ObjectHideFlags: 0
  m_CorrespondingSourceObject: {fileID: 0}
  m_PrefabInstance: {fileID: 0}
  m_PrefabAsset: {fileID: 0}
  m_GameObject: {fileID: 845718797160453782}
  m_Mesh: {fileID: 10202, guid: 0000000000000000e000000000000000, type: 0}
--- !u!23 &845718797160453787
MeshRenderer:
  m_ObjectHideFlags: 0
  m_CorrespondingSourceObject: {fileID: 0}
  m_PrefabInstance: {fileID: 0}
  m_PrefabAsset: {fileID: 0}
  m_GameObject: {fileID: 845718797160453782}
  m_Enabled: 1
  m_CastShadows: 1
  m_ReceiveShadows: 1
  m_DynamicOccludee: 1
  m_MotionVectors: 1
  m_LightProbeUsage: 1
  m_ReflectionProbeUsage: 1
  m_RayTracingMode: 2
  m_RenderingLayerMask: 1
  m_RendererPriority: 0
  m_Materials:
  - {fileID: 2100000, guid: 98d3b425f430708499810083bec32f71, type: 2}
  m_StaticBatchInfo:
    firstSubMesh: 0
    subMeshCount: 0
  m_StaticBatchRoot: {fileID: 0}
  m_ProbeAnchor: {fileID: 0}
  m_LightProbeVolumeOverride: {fileID: 0}
  m_ScaleInLightmap: 1
  m_ReceiveGI: 1
  m_PreserveUVs: 0
  m_IgnoreNormalsForChartDetection: 0
  m_ImportantGI: 0
  m_StitchLightmapSeams: 1
  m_SelectedEditorRenderState: 3
  m_MinimumChartSize: 4
  m_AutoUVMaxDistance: 0.5
  m_AutoUVMaxAngle: 89
  m_LightmapParameters: {fileID: 0}
  m_SortingLayerID: 0
  m_SortingLayer: 0
  m_SortingOrder: 0
--- !u!65 &845718797160453784
BoxCollider:
  m_ObjectHideFlags: 0
  m_CorrespondingSourceObject: {fileID: 0}
  m_PrefabInstance: {fileID: 0}
  m_PrefabAsset: {fileID: 0}
  m_GameObject: {fileID: 845718797160453782}
  m_Material: {fileID: 0}
  m_IsTrigger: 0
  m_Enabled: 1
  serializedVersion: 2
  m_Size: {x: 1, y: 1, z: 1}
  m_Center: {x: 0, y: 0, z: 0}
--- !u!1001 &845718795508999456
PrefabInstance:
  m_ObjectHideFlags: 0
  serializedVersion: 2
  m_Modification:
    m_TransformParent: {fileID: 845718795753967726}
    m_Modifications:
    - target: {fileID: 2666272189333916397, guid: 72cc3df0ccf901f488c8f06ffc63993a,
        type: 3}
      propertyPath: m_Name
      value: Stump_Prefab
      objectReference: {fileID: 0}
    - target: {fileID: 2666272189334410957, guid: 72cc3df0ccf901f488c8f06ffc63993a,
        type: 3}
      propertyPath: m_LocalPosition.x
      value: 7
      objectReference: {fileID: 0}
    - target: {fileID: 2666272189334410957, guid: 72cc3df0ccf901f488c8f06ffc63993a,
        type: 3}
      propertyPath: m_LocalPosition.y
      value: 0.5000005
      objectReference: {fileID: 0}
    - target: {fileID: 2666272189334410957, guid: 72cc3df0ccf901f488c8f06ffc63993a,
        type: 3}
      propertyPath: m_LocalPosition.z
      value: 0
      objectReference: {fileID: 0}
    - target: {fileID: 2666272189334410957, guid: 72cc3df0ccf901f488c8f06ffc63993a,
        type: 3}
      propertyPath: m_LocalRotation.x
      value: 0.000000021855694
      objectReference: {fileID: 0}
    - target: {fileID: 2666272189334410957, guid: 72cc3df0ccf901f488c8f06ffc63993a,
        type: 3}
      propertyPath: m_LocalRotation.y
      value: -0
      objectReference: {fileID: 0}
    - target: {fileID: 2666272189334410957, guid: 72cc3df0ccf901f488c8f06ffc63993a,
        type: 3}
      propertyPath: m_LocalRotation.z
      value: -0
      objectReference: {fileID: 0}
    - target: {fileID: 2666272189334410957, guid: 72cc3df0ccf901f488c8f06ffc63993a,
        type: 3}
      propertyPath: m_LocalRotation.w
      value: 1
      objectReference: {fileID: 0}
    - target: {fileID: 2666272189334410957, guid: 72cc3df0ccf901f488c8f06ffc63993a,
        type: 3}
      propertyPath: m_RootOrder
      value: 1
      objectReference: {fileID: 0}
    - target: {fileID: 2666272189334410957, guid: 72cc3df0ccf901f488c8f06ffc63993a,
        type: 3}
      propertyPath: m_LocalEulerAnglesHint.x
      value: 0
      objectReference: {fileID: 0}
    - target: {fileID: 2666272189334410957, guid: 72cc3df0ccf901f488c8f06ffc63993a,
        type: 3}
      propertyPath: m_LocalEulerAnglesHint.y
      value: 0
      objectReference: {fileID: 0}
    - target: {fileID: 2666272189334410957, guid: 72cc3df0ccf901f488c8f06ffc63993a,
        type: 3}
      propertyPath: m_LocalEulerAnglesHint.z
      value: 0
      objectReference: {fileID: 0}
    m_RemovedComponents: []
  m_SourcePrefab: {fileID: 100100000, guid: 72cc3df0ccf901f488c8f06ffc63993a, type: 3}
--- !u!4 &3367593759082066925 stripped
Transform:
  m_CorrespondingSourceObject: {fileID: 2666272189334410957, guid: 72cc3df0ccf901f488c8f06ffc63993a,
    type: 3}
  m_PrefabInstance: {fileID: 845718795508999456}
  m_PrefabAsset: {fileID: 0}
--- !u!1001 &845718795816867662
PrefabInstance:
  m_ObjectHideFlags: 0
  serializedVersion: 2
  m_Modification:
    m_TransformParent: {fileID: 845718795753967726}
    m_Modifications:
    - target: {fileID: 4966710953290448998, guid: 14a0343389e2b884592bbcf25d213014,
        type: 3}
      propertyPath: m_Name
      value: Bush_Prefab
      objectReference: {fileID: 0}
    - target: {fileID: 4966710953290554438, guid: 14a0343389e2b884592bbcf25d213014,
        type: 3}
      propertyPath: m_LocalPosition.x
      value: -5
      objectReference: {fileID: 0}
    - target: {fileID: 4966710953290554438, guid: 14a0343389e2b884592bbcf25d213014,
        type: 3}
      propertyPath: m_LocalPosition.y
      value: 0.55
      objectReference: {fileID: 0}
    - target: {fileID: 4966710953290554438, guid: 14a0343389e2b884592bbcf25d213014,
        type: 3}
      propertyPath: m_LocalPosition.z
      value: 0
      objectReference: {fileID: 0}
    - target: {fileID: 4966710953290554438, guid: 14a0343389e2b884592bbcf25d213014,
        type: 3}
      propertyPath: m_LocalRotation.x
      value: 0.000000021855694
      objectReference: {fileID: 0}
    - target: {fileID: 4966710953290554438, guid: 14a0343389e2b884592bbcf25d213014,
        type: 3}
      propertyPath: m_LocalRotation.y
      value: -0
      objectReference: {fileID: 0}
    - target: {fileID: 4966710953290554438, guid: 14a0343389e2b884592bbcf25d213014,
        type: 3}
      propertyPath: m_LocalRotation.z
      value: -0
      objectReference: {fileID: 0}
    - target: {fileID: 4966710953290554438, guid: 14a0343389e2b884592bbcf25d213014,
        type: 3}
      propertyPath: m_LocalRotation.w
      value: 1
      objectReference: {fileID: 0}
    - target: {fileID: 4966710953290554438, guid: 14a0343389e2b884592bbcf25d213014,
        type: 3}
      propertyPath: m_RootOrder
      value: 2
      objectReference: {fileID: 0}
    - target: {fileID: 4966710953290554438, guid: 14a0343389e2b884592bbcf25d213014,
        type: 3}
      propertyPath: m_LocalEulerAnglesHint.x
      value: 0
      objectReference: {fileID: 0}
    - target: {fileID: 4966710953290554438, guid: 14a0343389e2b884592bbcf25d213014,
        type: 3}
      propertyPath: m_LocalEulerAnglesHint.y
      value: 0
      objectReference: {fileID: 0}
    - target: {fileID: 4966710953290554438, guid: 14a0343389e2b884592bbcf25d213014,
        type: 3}
      propertyPath: m_LocalEulerAnglesHint.z
      value: 0
      objectReference: {fileID: 0}
    m_RemovedComponents: []
  m_SourcePrefab: {fileID: 100100000, guid: 14a0343389e2b884592bbcf25d213014, type: 3}
--- !u!4 &5715584214622391048 stripped
Transform:
  m_CorrespondingSourceObject: {fileID: 4966710953290554438, guid: 14a0343389e2b884592bbcf25d213014,
    type: 3}
  m_PrefabInstance: {fileID: 845718795816867662}
  m_PrefabAsset: {fileID: 0}
--- !u!1001 &845718796719881560
PrefabInstance:
  m_ObjectHideFlags: 0
  serializedVersion: 2
  m_Modification:
    m_TransformParent: {fileID: 845718795753967726}
    m_Modifications:
    - target: {fileID: 4966710953290448998, guid: 14a0343389e2b884592bbcf25d213014,
        type: 3}
      propertyPath: m_Name
      value: Bush_Prefab
      objectReference: {fileID: 0}
    - target: {fileID: 4966710953290554438, guid: 14a0343389e2b884592bbcf25d213014,
        type: 3}
      propertyPath: m_LocalPosition.x
      value: 5
      objectReference: {fileID: 0}
    - target: {fileID: 4966710953290554438, guid: 14a0343389e2b884592bbcf25d213014,
        type: 3}
      propertyPath: m_LocalPosition.y
      value: 0.55
      objectReference: {fileID: 0}
    - target: {fileID: 4966710953290554438, guid: 14a0343389e2b884592bbcf25d213014,
        type: 3}
      propertyPath: m_LocalPosition.z
      value: 0
      objectReference: {fileID: 0}
    - target: {fileID: 4966710953290554438, guid: 14a0343389e2b884592bbcf25d213014,
        type: 3}
      propertyPath: m_LocalRotation.x
      value: 0.000000021855694
      objectReference: {fileID: 0}
    - target: {fileID: 4966710953290554438, guid: 14a0343389e2b884592bbcf25d213014,
        type: 3}
      propertyPath: m_LocalRotation.y
      value: -0
      objectReference: {fileID: 0}
    - target: {fileID: 4966710953290554438, guid: 14a0343389e2b884592bbcf25d213014,
        type: 3}
      propertyPath: m_LocalRotation.z
      value: -0
      objectReference: {fileID: 0}
    - target: {fileID: 4966710953290554438, guid: 14a0343389e2b884592bbcf25d213014,
        type: 3}
      propertyPath: m_LocalRotation.w
      value: 1
      objectReference: {fileID: 0}
    - target: {fileID: 4966710953290554438, guid: 14a0343389e2b884592bbcf25d213014,
        type: 3}
      propertyPath: m_RootOrder
      value: 3
      objectReference: {fileID: 0}
    - target: {fileID: 4966710953290554438, guid: 14a0343389e2b884592bbcf25d213014,
        type: 3}
      propertyPath: m_LocalEulerAnglesHint.x
      value: 0
      objectReference: {fileID: 0}
    - target: {fileID: 4966710953290554438, guid: 14a0343389e2b884592bbcf25d213014,
        type: 3}
      propertyPath: m_LocalEulerAnglesHint.y
      value: 0
      objectReference: {fileID: 0}
    - target: {fileID: 4966710953290554438, guid: 14a0343389e2b884592bbcf25d213014,
        type: 3}
      propertyPath: m_LocalEulerAnglesHint.z
      value: 0
      objectReference: {fileID: 0}
    m_RemovedComponents: []
  m_SourcePrefab: {fileID: 100100000, guid: 14a0343389e2b884592bbcf25d213014, type: 3}
--- !u!4 &5715584215802126622 stripped
Transform:
  m_CorrespondingSourceObject: {fileID: 4966710953290554438, guid: 14a0343389e2b884592bbcf25d213014,
    type: 3}
  m_PrefabInstance: {fileID: 845718796719881560}
  m_PrefabAsset: {fileID: 0}
--- !u!1001 &845718797220292112
PrefabInstance:
  m_ObjectHideFlags: 0
  serializedVersion: 2
  m_Modification:
    m_TransformParent: {fileID: 845718795753967726}
    m_Modifications:
    - target: {fileID: 2941884700512816646, guid: 639c789c0c3e8cb4784abd4d6f21b279,
        type: 3}
      propertyPath: m_LocalPosition.x
      value: -6
      objectReference: {fileID: 0}
    - target: {fileID: 2941884700512816646, guid: 639c789c0c3e8cb4784abd4d6f21b279,
        type: 3}
      propertyPath: m_LocalPosition.y
      value: 0.50006694
      objectReference: {fileID: 0}
    - target: {fileID: 2941884700512816646, guid: 639c789c0c3e8cb4784abd4d6f21b279,
        type: 3}
      propertyPath: m_LocalPosition.z
      value: 0
      objectReference: {fileID: 0}
    - target: {fileID: 2941884700512816646, guid: 639c789c0c3e8cb4784abd4d6f21b279,
        type: 3}
      propertyPath: m_LocalRotation.x
      value: 0
      objectReference: {fileID: 0}
    - target: {fileID: 2941884700512816646, guid: 639c789c0c3e8cb4784abd4d6f21b279,
        type: 3}
      propertyPath: m_LocalRotation.y
      value: 0.7071068
      objectReference: {fileID: 0}
    - target: {fileID: 2941884700512816646, guid: 639c789c0c3e8cb4784abd4d6f21b279,
        type: 3}
      propertyPath: m_LocalRotation.z
      value: 0
      objectReference: {fileID: 0}
    - target: {fileID: 2941884700512816646, guid: 639c789c0c3e8cb4784abd4d6f21b279,
        type: 3}
      propertyPath: m_LocalRotation.w
      value: 0.7071068
      objectReference: {fileID: 0}
    - target: {fileID: 2941884700512816646, guid: 639c789c0c3e8cb4784abd4d6f21b279,
        type: 3}
      propertyPath: m_RootOrder
      value: 4
      objectReference: {fileID: 0}
    - target: {fileID: 2941884700512816646, guid: 639c789c0c3e8cb4784abd4d6f21b279,
        type: 3}
      propertyPath: m_LocalEulerAnglesHint.x
      value: 0
      objectReference: {fileID: 0}
    - target: {fileID: 2941884700512816646, guid: 639c789c0c3e8cb4784abd4d6f21b279,
        type: 3}
      propertyPath: m_LocalEulerAnglesHint.y
      value: 90
      objectReference: {fileID: 0}
    - target: {fileID: 2941884700512816646, guid: 639c789c0c3e8cb4784abd4d6f21b279,
        type: 3}
      propertyPath: m_LocalEulerAnglesHint.z
      value: 0
      objectReference: {fileID: 0}
    - target: {fileID: 2941884700513178150, guid: 639c789c0c3e8cb4784abd4d6f21b279,
        type: 3}
      propertyPath: m_Name
      value: Rock_Prefab
      objectReference: {fileID: 0}
    m_RemovedComponents: []
  m_SourcePrefab: {fileID: 100100000, guid: 639c789c0c3e8cb4784abd4d6f21b279, type: 3}
--- !u!4 &2553317029932607510 stripped
Transform:
  m_CorrespondingSourceObject: {fileID: 2941884700512816646, guid: 639c789c0c3e8cb4784abd4d6f21b279,
    type: 3}
  m_PrefabInstance: {fileID: 845718797220292112}
  m_PrefabAsset: {fileID: 0}
--- !u!1001 &6504238406012190397
PrefabInstance:
  m_ObjectHideFlags: 0
  serializedVersion: 2
  m_Modification:
    m_TransformParent: {fileID: 845718795753967726}
    m_Modifications:
    - target: {fileID: 2941884700512816646, guid: 639c789c0c3e8cb4784abd4d6f21b279,
        type: 3}
      propertyPath: m_LocalPosition.x
      value: -2
      objectReference: {fileID: 0}
    - target: {fileID: 2941884700512816646, guid: 639c789c0c3e8cb4784abd4d6f21b279,
        type: 3}
      propertyPath: m_LocalPosition.y
      value: 0.50006676
      objectReference: {fileID: 0}
    - target: {fileID: 2941884700512816646, guid: 639c789c0c3e8cb4784abd4d6f21b279,
        type: 3}
      propertyPath: m_LocalPosition.z
      value: 0
      objectReference: {fileID: 0}
    - target: {fileID: 2941884700512816646, guid: 639c789c0c3e8cb4784abd4d6f21b279,
        type: 3}
      propertyPath: m_LocalRotation.x
      value: -0
      objectReference: {fileID: 0}
    - target: {fileID: 2941884700512816646, guid: 639c789c0c3e8cb4784abd4d6f21b279,
        type: 3}
      propertyPath: m_LocalRotation.y
      value: 0.7071068
      objectReference: {fileID: 0}
    - target: {fileID: 2941884700512816646, guid: 639c789c0c3e8cb4784abd4d6f21b279,
        type: 3}
      propertyPath: m_LocalRotation.z
      value: -0
      objectReference: {fileID: 0}
    - target: {fileID: 2941884700512816646, guid: 639c789c0c3e8cb4784abd4d6f21b279,
        type: 3}
      propertyPath: m_LocalRotation.w
      value: 0.7071068
      objectReference: {fileID: 0}
    - target: {fileID: 2941884700512816646, guid: 639c789c0c3e8cb4784abd4d6f21b279,
        type: 3}
      propertyPath: m_RootOrder
      value: 0
      objectReference: {fileID: 0}
    - target: {fileID: 2941884700512816646, guid: 639c789c0c3e8cb4784abd4d6f21b279,
        type: 3}
      propertyPath: m_LocalEulerAnglesHint.x
      value: 0
      objectReference: {fileID: 0}
    - target: {fileID: 2941884700512816646, guid: 639c789c0c3e8cb4784abd4d6f21b279,
        type: 3}
      propertyPath: m_LocalEulerAnglesHint.y
      value: 90
      objectReference: {fileID: 0}
    - target: {fileID: 2941884700512816646, guid: 639c789c0c3e8cb4784abd4d6f21b279,
        type: 3}
      propertyPath: m_LocalEulerAnglesHint.z
      value: 0
      objectReference: {fileID: 0}
    - target: {fileID: 2941884700512816646, guid: 639c789c0c3e8cb4784abd4d6f21b279,
        type: 3}
      propertyPath: m_LocalScale.x
      value: 0.8000001
      objectReference: {fileID: 0}
    - target: {fileID: 2941884700512816646, guid: 639c789c0c3e8cb4784abd4d6f21b279,
        type: 3}
      propertyPath: m_LocalScale.z
      value: 0.8000001
      objectReference: {fileID: 0}
    - target: {fileID: 2941884700513178150, guid: 639c789c0c3e8cb4784abd4d6f21b279,
        type: 3}
      propertyPath: m_Name
      value: Rock_Prefab
      objectReference: {fileID: 0}
    m_RemovedComponents: []
  m_SourcePrefab: {fileID: 100100000, guid: 639c789c0c3e8cb4784abd4d6f21b279, type: 3}
--- !u!4 &8255132008237641915 stripped
Transform:
  m_CorrespondingSourceObject: {fileID: 2941884700512816646, guid: 639c789c0c3e8cb4784abd4d6f21b279,
    type: 3}
  m_PrefabInstance: {fileID: 6504238406012190397}
  m_PrefabAsset: {fileID: 0}
