%YAML 1.1
%TAG !u! tag:unity3d.com,2011:
--- !u!1 &3701208280506803735
GameObject:
  m_ObjectHideFlags: 0
  m_CorrespondingSourceObject: {fileID: 0}
  m_PrefabInstance: {fileID: 0}
  m_PrefabAsset: {fileID: 0}
  serializedVersion: 6
  m_Component:
  - component: {fileID: 3701208280506803734}
  m_Layer: 0
  m_Name: Grass4
  m_TagString: Untagged
  m_Icon: {fileID: 0}
  m_NavMeshLayer: 0
  m_StaticEditorFlags: 0
  m_IsActive: 1
--- !u!4 &3701208280506803734
Transform:
  m_ObjectHideFlags: 0
  m_CorrespondingSourceObject: {fileID: 0}
  m_PrefabInstance: {fileID: 0}
  m_PrefabAsset: {fileID: 0}
  m_GameObject: {fileID: 3701208280506803735}
  m_LocalRotation: {x: 0, y: 0, z: 0, w: 1}
  m_LocalPosition: {x: 0.58652884, y: 4.0677133, z: -4.7961397}
  m_LocalScale: {x: 1, y: 1, z: 1}
  m_Children:
  - {fileID: 1010554702998521400}
  - {fileID: 5364300917022181059}
  - {fileID: 1611678711759127957}
  - {fileID: 8624419804146253168}
  - {fileID: 8624419805642479462}
  - {fileID: 1985799218258271854}
  - {fileID: 3701208280702410977}
  m_Father: {fileID: 0}
  m_RootOrder: 0
  m_LocalEulerAnglesHint: {x: 0, y: 0, z: 0}
--- !u!1 &3701208280702410990
GameObject:
  m_ObjectHideFlags: 0
  m_CorrespondingSourceObject: {fileID: 0}
  m_PrefabInstance: {fileID: 0}
  m_PrefabAsset: {fileID: 0}
  serializedVersion: 6
  m_Component:
  - component: {fileID: 3701208280702410977}
  - component: {fileID: 3701208280702410978}
  - component: {fileID: 3701208280702410979}
  - component: {fileID: 3701208280702410976}
  m_Layer: 8
  m_Name: Grass
  m_TagString: Untagged
  m_Icon: {fileID: 0}
  m_NavMeshLayer: 0
  m_StaticEditorFlags: 0
  m_IsActive: 1
--- !u!4 &3701208280702410977
Transform:
  m_ObjectHideFlags: 0
  m_CorrespondingSourceObject: {fileID: 0}
  m_PrefabInstance: {fileID: 0}
  m_PrefabAsset: {fileID: 0}
  m_GameObject: {fileID: 3701208280702410990}
  m_LocalRotation: {x: -0, y: -0, z: -0, w: 1}
  m_LocalPosition: {x: -3, y: 0, z: 0}
  m_LocalScale: {x: 24, y: 1, z: 1}
  m_Children: []
  m_Father: {fileID: 3701208280506803734}
  m_RootOrder: 6
  m_LocalEulerAnglesHint: {x: 0, y: 0, z: 0}
--- !u!33 &3701208280702410978
MeshFilter:
  m_ObjectHideFlags: 0
  m_CorrespondingSourceObject: {fileID: 0}
  m_PrefabInstance: {fileID: 0}
  m_PrefabAsset: {fileID: 0}
  m_GameObject: {fileID: 3701208280702410990}
  m_Mesh: {fileID: 10202, guid: 0000000000000000e000000000000000, type: 0}
--- !u!23 &3701208280702410979
MeshRenderer:
  m_ObjectHideFlags: 0
  m_CorrespondingSourceObject: {fileID: 0}
  m_PrefabInstance: {fileID: 0}
  m_PrefabAsset: {fileID: 0}
  m_GameObject: {fileID: 3701208280702410990}
  m_Enabled: 1
  m_CastShadows: 1
  m_ReceiveShadows: 1
  m_DynamicOccludee: 1
  m_MotionVectors: 1
  m_LightProbeUsage: 1
  m_ReflectionProbeUsage: 1
  m_RayTracingMode: 2
  m_RenderingLayerMask: 1
  m_RendererPriority: 0
  m_Materials:
  - {fileID: 2100000, guid: 98d3b425f430708499810083bec32f71, type: 2}
  m_StaticBatchInfo:
    firstSubMesh: 0
    subMeshCount: 0
  m_StaticBatchRoot: {fileID: 0}
  m_ProbeAnchor: {fileID: 0}
  m_LightProbeVolumeOverride: {fileID: 0}
  m_ScaleInLightmap: 1
  m_ReceiveGI: 1
  m_PreserveUVs: 0
  m_IgnoreNormalsForChartDetection: 0
  m_ImportantGI: 0
  m_StitchLightmapSeams: 1
  m_SelectedEditorRenderState: 3
  m_MinimumChartSize: 4
  m_AutoUVMaxDistance: 0.5
  m_AutoUVMaxAngle: 89
  m_LightmapParameters: {fileID: 0}
  m_SortingLayerID: 0
  m_SortingLayer: 0
  m_SortingOrder: 0
--- !u!65 &3701208280702410976
BoxCollider:
  m_ObjectHideFlags: 0
  m_CorrespondingSourceObject: {fileID: 0}
  m_PrefabInstance: {fileID: 0}
  m_PrefabAsset: {fileID: 0}
  m_GameObject: {fileID: 3701208280702410990}
  m_Material: {fileID: 0}
  m_IsTrigger: 0
  m_Enabled: 1
  serializedVersion: 2
  m_Size: {x: 1, y: 1, z: 1}
  m_Center: {x: 0, y: 0, z: 0}
--- !u!1001 &3701208280210707288
PrefabInstance:
  m_ObjectHideFlags: 0
  serializedVersion: 2
  m_Modification:
    m_TransformParent: {fileID: 3701208280506803734}
    m_Modifications:
    - target: {fileID: 2666272189333916397, guid: 72cc3df0ccf901f488c8f06ffc63993a,
        type: 3}
      propertyPath: m_Name
      value: Stump_Prefab
      objectReference: {fileID: 0}
    - target: {fileID: 2666272189334410957, guid: 72cc3df0ccf901f488c8f06ffc63993a,
        type: 3}
      propertyPath: m_LocalPosition.x
      value: 7
      objectReference: {fileID: 0}
    - target: {fileID: 2666272189334410957, guid: 72cc3df0ccf901f488c8f06ffc63993a,
        type: 3}
      propertyPath: m_LocalPosition.y
      value: 0.5000005
      objectReference: {fileID: 0}
    - target: {fileID: 2666272189334410957, guid: 72cc3df0ccf901f488c8f06ffc63993a,
        type: 3}
      propertyPath: m_LocalPosition.z
      value: 0
      objectReference: {fileID: 0}
    - target: {fileID: 2666272189334410957, guid: 72cc3df0ccf901f488c8f06ffc63993a,
        type: 3}
      propertyPath: m_LocalRotation.x
      value: 0.000000021855694
      objectReference: {fileID: 0}
    - target: {fileID: 2666272189334410957, guid: 72cc3df0ccf901f488c8f06ffc63993a,
        type: 3}
      propertyPath: m_LocalRotation.y
      value: -0
      objectReference: {fileID: 0}
    - target: {fileID: 2666272189334410957, guid: 72cc3df0ccf901f488c8f06ffc63993a,
        type: 3}
      propertyPath: m_LocalRotation.z
      value: -0
      objectReference: {fileID: 0}
    - target: {fileID: 2666272189334410957, guid: 72cc3df0ccf901f488c8f06ffc63993a,
        type: 3}
      propertyPath: m_LocalRotation.w
      value: 1
      objectReference: {fileID: 0}
    - target: {fileID: 2666272189334410957, guid: 72cc3df0ccf901f488c8f06ffc63993a,
        type: 3}
      propertyPath: m_RootOrder
      value: 2
      objectReference: {fileID: 0}
    - target: {fileID: 2666272189334410957, guid: 72cc3df0ccf901f488c8f06ffc63993a,
        type: 3}
      propertyPath: m_LocalEulerAnglesHint.x
      value: 0
      objectReference: {fileID: 0}
    - target: {fileID: 2666272189334410957, guid: 72cc3df0ccf901f488c8f06ffc63993a,
        type: 3}
      propertyPath: m_LocalEulerAnglesHint.y
      value: 0
      objectReference: {fileID: 0}
    - target: {fileID: 2666272189334410957, guid: 72cc3df0ccf901f488c8f06ffc63993a,
        type: 3}
      propertyPath: m_LocalEulerAnglesHint.z
      value: 0
      objectReference: {fileID: 0}
    m_RemovedComponents: []
  m_SourcePrefab: {fileID: 100100000, guid: 72cc3df0ccf901f488c8f06ffc63993a, type: 3}
--- !u!4 &1611678711759127957 stripped
Transform:
  m_CorrespondingSourceObject: {fileID: 2666272189334410957, guid: 72cc3df0ccf901f488c8f06ffc63993a,
    type: 3}
  m_PrefabInstance: {fileID: 3701208280210707288}
  m_PrefabAsset: {fileID: 0}
--- !u!1001 &3701208280435515702
PrefabInstance:
  m_ObjectHideFlags: 0
  serializedVersion: 2
  m_Modification:
    m_TransformParent: {fileID: 3701208280506803734}
    m_Modifications:
    - target: {fileID: 4966710953290448998, guid: 14a0343389e2b884592bbcf25d213014,
        type: 3}
      propertyPath: m_Name
      value: Bush_Prefab
      objectReference: {fileID: 0}
    - target: {fileID: 4966710953290554438, guid: 14a0343389e2b884592bbcf25d213014,
        type: 3}
      propertyPath: m_LocalPosition.x
      value: -5
      objectReference: {fileID: 0}
    - target: {fileID: 4966710953290554438, guid: 14a0343389e2b884592bbcf25d213014,
        type: 3}
      propertyPath: m_LocalPosition.y
      value: 0.55
      objectReference: {fileID: 0}
    - target: {fileID: 4966710953290554438, guid: 14a0343389e2b884592bbcf25d213014,
        type: 3}
      propertyPath: m_LocalPosition.z
      value: 0
      objectReference: {fileID: 0}
    - target: {fileID: 4966710953290554438, guid: 14a0343389e2b884592bbcf25d213014,
        type: 3}
      propertyPath: m_LocalRotation.x
      value: 0.000000021855694
      objectReference: {fileID: 0}
    - target: {fileID: 4966710953290554438, guid: 14a0343389e2b884592bbcf25d213014,
        type: 3}
      propertyPath: m_LocalRotation.y
      value: -0
      objectReference: {fileID: 0}
    - target: {fileID: 4966710953290554438, guid: 14a0343389e2b884592bbcf25d213014,
        type: 3}
      propertyPath: m_LocalRotation.z
      value: -0
      objectReference: {fileID: 0}
    - target: {fileID: 4966710953290554438, guid: 14a0343389e2b884592bbcf25d213014,
        type: 3}
      propertyPath: m_LocalRotation.w
      value: 1
      objectReference: {fileID: 0}
    - target: {fileID: 4966710953290554438, guid: 14a0343389e2b884592bbcf25d213014,
        type: 3}
      propertyPath: m_RootOrder
      value: 3
      objectReference: {fileID: 0}
    - target: {fileID: 4966710953290554438, guid: 14a0343389e2b884592bbcf25d213014,
        type: 3}
      propertyPath: m_LocalEulerAnglesHint.x
      value: 0
      objectReference: {fileID: 0}
    - target: {fileID: 4966710953290554438, guid: 14a0343389e2b884592bbcf25d213014,
        type: 3}
      propertyPath: m_LocalEulerAnglesHint.y
      value: 0
      objectReference: {fileID: 0}
    - target: {fileID: 4966710953290554438, guid: 14a0343389e2b884592bbcf25d213014,
        type: 3}
      propertyPath: m_LocalEulerAnglesHint.z
      value: 0
      objectReference: {fileID: 0}
    m_RemovedComponents: []
  m_SourcePrefab: {fileID: 100100000, guid: 14a0343389e2b884592bbcf25d213014, type: 3}
--- !u!4 &8624419804146253168 stripped
Transform:
  m_CorrespondingSourceObject: {fileID: 4966710953290554438, guid: 14a0343389e2b884592bbcf25d213014,
    type: 3}
  m_PrefabInstance: {fileID: 3701208280435515702}
  m_PrefabAsset: {fileID: 0}
--- !u!1001 &3701208280646897768
PrefabInstance:
  m_ObjectHideFlags: 0
  serializedVersion: 2
  m_Modification:
    m_TransformParent: {fileID: 3701208280506803734}
    m_Modifications:
    - target: {fileID: 2941884700512816646, guid: 639c789c0c3e8cb4784abd4d6f21b279,
        type: 3}
      propertyPath: m_LocalPosition.x
      value: -6
      objectReference: {fileID: 0}
    - target: {fileID: 2941884700512816646, guid: 639c789c0c3e8cb4784abd4d6f21b279,
        type: 3}
      propertyPath: m_LocalPosition.y
      value: 0.50006694
      objectReference: {fileID: 0}
    - target: {fileID: 2941884700512816646, guid: 639c789c0c3e8cb4784abd4d6f21b279,
        type: 3}
      propertyPath: m_LocalPosition.z
      value: 0
      objectReference: {fileID: 0}
    - target: {fileID: 2941884700512816646, guid: 639c789c0c3e8cb4784abd4d6f21b279,
        type: 3}
      propertyPath: m_LocalRotation.x
      value: 0
      objectReference: {fileID: 0}
    - target: {fileID: 2941884700512816646, guid: 639c789c0c3e8cb4784abd4d6f21b279,
        type: 3}
      propertyPath: m_LocalRotation.y
      value: 0.7071068
      objectReference: {fileID: 0}
    - target: {fileID: 2941884700512816646, guid: 639c789c0c3e8cb4784abd4d6f21b279,
        type: 3}
      propertyPath: m_LocalRotation.z
      value: 0
      objectReference: {fileID: 0}
    - target: {fileID: 2941884700512816646, guid: 639c789c0c3e8cb4784abd4d6f21b279,
        type: 3}
      propertyPath: m_LocalRotation.w
      value: 0.7071068
      objectReference: {fileID: 0}
    - target: {fileID: 2941884700512816646, guid: 639c789c0c3e8cb4784abd4d6f21b279,
        type: 3}
      propertyPath: m_RootOrder
      value: 5
      objectReference: {fileID: 0}
    - target: {fileID: 2941884700512816646, guid: 639c789c0c3e8cb4784abd4d6f21b279,
        type: 3}
      propertyPath: m_LocalEulerAnglesHint.x
      value: 0
      objectReference: {fileID: 0}
    - target: {fileID: 2941884700512816646, guid: 639c789c0c3e8cb4784abd4d6f21b279,
        type: 3}
      propertyPath: m_LocalEulerAnglesHint.y
      value: 90
      objectReference: {fileID: 0}
    - target: {fileID: 2941884700512816646, guid: 639c789c0c3e8cb4784abd4d6f21b279,
        type: 3}
      propertyPath: m_LocalEulerAnglesHint.z
      value: 0
      objectReference: {fileID: 0}
    - target: {fileID: 2941884700513178150, guid: 639c789c0c3e8cb4784abd4d6f21b279,
        type: 3}
      propertyPath: m_Name
      value: Rock_Prefab
      objectReference: {fileID: 0}
    m_RemovedComponents: []
  m_SourcePrefab: {fileID: 100100000, guid: 639c789c0c3e8cb4784abd4d6f21b279, type: 3}
--- !u!4 &1985799218258271854 stripped
Transform:
  m_CorrespondingSourceObject: {fileID: 2941884700512816646, guid: 639c789c0c3e8cb4784abd4d6f21b279,
    type: 3}
  m_PrefabInstance: {fileID: 3701208280646897768}
  m_PrefabAsset: {fileID: 0}
--- !u!1001 &3701208281151507232
PrefabInstance:
  m_ObjectHideFlags: 0
  serializedVersion: 2
  m_Modification:
    m_TransformParent: {fileID: 3701208280506803734}
    m_Modifications:
    - target: {fileID: 4966710953290448998, guid: 14a0343389e2b884592bbcf25d213014,
        type: 3}
      propertyPath: m_Name
      value: Bush_Prefab
      objectReference: {fileID: 0}
    - target: {fileID: 4966710953290554438, guid: 14a0343389e2b884592bbcf25d213014,
        type: 3}
      propertyPath: m_LocalPosition.x
      value: 5
      objectReference: {fileID: 0}
    - target: {fileID: 4966710953290554438, guid: 14a0343389e2b884592bbcf25d213014,
        type: 3}
      propertyPath: m_LocalPosition.y
      value: 0.55
      objectReference: {fileID: 0}
    - target: {fileID: 4966710953290554438, guid: 14a0343389e2b884592bbcf25d213014,
        type: 3}
      propertyPath: m_LocalPosition.z
      value: 0
      objectReference: {fileID: 0}
    - target: {fileID: 4966710953290554438, guid: 14a0343389e2b884592bbcf25d213014,
        type: 3}
      propertyPath: m_LocalRotation.x
      value: 0.000000021855694
      objectReference: {fileID: 0}
    - target: {fileID: 4966710953290554438, guid: 14a0343389e2b884592bbcf25d213014,
        type: 3}
      propertyPath: m_LocalRotation.y
      value: -0
      objectReference: {fileID: 0}
    - target: {fileID: 4966710953290554438, guid: 14a0343389e2b884592bbcf25d213014,
        type: 3}
      propertyPath: m_LocalRotation.z
      value: -0
      objectReference: {fileID: 0}
    - target: {fileID: 4966710953290554438, guid: 14a0343389e2b884592bbcf25d213014,
        type: 3}
      propertyPath: m_LocalRotation.w
      value: 1
      objectReference: {fileID: 0}
    - target: {fileID: 4966710953290554438, guid: 14a0343389e2b884592bbcf25d213014,
        type: 3}
      propertyPath: m_RootOrder
      value: 4
      objectReference: {fileID: 0}
    - target: {fileID: 4966710953290554438, guid: 14a0343389e2b884592bbcf25d213014,
        type: 3}
      propertyPath: m_LocalEulerAnglesHint.x
      value: 0
      objectReference: {fileID: 0}
    - target: {fileID: 4966710953290554438, guid: 14a0343389e2b884592bbcf25d213014,
        type: 3}
      propertyPath: m_LocalEulerAnglesHint.y
      value: 0
      objectReference: {fileID: 0}
    - target: {fileID: 4966710953290554438, guid: 14a0343389e2b884592bbcf25d213014,
        type: 3}
      propertyPath: m_LocalEulerAnglesHint.z
      value: 0
      objectReference: {fileID: 0}
    m_RemovedComponents: []
  m_SourcePrefab: {fileID: 100100000, guid: 14a0343389e2b884592bbcf25d213014, type: 3}
--- !u!4 &8624419805642479462 stripped
Transform:
  m_CorrespondingSourceObject: {fileID: 4966710953290554438, guid: 14a0343389e2b884592bbcf25d213014,
    type: 3}
  m_PrefabInstance: {fileID: 3701208281151507232}
  m_PrefabAsset: {fileID: 0}
--- !u!1001 &5398544273173846654
PrefabInstance:
  m_ObjectHideFlags: 0
  serializedVersion: 2
  m_Modification:
    m_TransformParent: {fileID: 3701208280506803734}
    m_Modifications:
    - target: {fileID: 4966710953290448998, guid: 14a0343389e2b884592bbcf25d213014,
        type: 3}
      propertyPath: m_Name
      value: Bush_Prefab
      objectReference: {fileID: 0}
    - target: {fileID: 4966710953290554438, guid: 14a0343389e2b884592bbcf25d213014,
        type: 3}
      propertyPath: m_LocalPosition.x
      value: -1
      objectReference: {fileID: 0}
    - target: {fileID: 4966710953290554438, guid: 14a0343389e2b884592bbcf25d213014,
        type: 3}
      propertyPath: m_LocalPosition.y
      value: 0.55
      objectReference: {fileID: 0}
    - target: {fileID: 4966710953290554438, guid: 14a0343389e2b884592bbcf25d213014,
        type: 3}
      propertyPath: m_LocalPosition.z
      value: 0
      objectReference: {fileID: 0}
    - target: {fileID: 4966710953290554438, guid: 14a0343389e2b884592bbcf25d213014,
        type: 3}
      propertyPath: m_LocalRotation.x
      value: 0.000000021855694
      objectReference: {fileID: 0}
    - target: {fileID: 4966710953290554438, guid: 14a0343389e2b884592bbcf25d213014,
        type: 3}
      propertyPath: m_LocalRotation.y
      value: -0
      objectReference: {fileID: 0}
    - target: {fileID: 4966710953290554438, guid: 14a0343389e2b884592bbcf25d213014,
        type: 3}
      propertyPath: m_LocalRotation.z
      value: -0
      objectReference: {fileID: 0}
    - target: {fileID: 4966710953290554438, guid: 14a0343389e2b884592bbcf25d213014,
        type: 3}
      propertyPath: m_LocalRotation.w
      value: 1
      objectReference: {fileID: 0}
    - target: {fileID: 4966710953290554438, guid: 14a0343389e2b884592bbcf25d213014,
        type: 3}
      propertyPath: m_RootOrder
      value: 0
      objectReference: {fileID: 0}
    - target: {fileID: 4966710953290554438, guid: 14a0343389e2b884592bbcf25d213014,
        type: 3}
      propertyPath: m_LocalEulerAnglesHint.x
      value: 0
      objectReference: {fileID: 0}
    - target: {fileID: 4966710953290554438, guid: 14a0343389e2b884592bbcf25d213014,
        type: 3}
      propertyPath: m_LocalEulerAnglesHint.y
      value: 0
      objectReference: {fileID: 0}
    - target: {fileID: 4966710953290554438, guid: 14a0343389e2b884592bbcf25d213014,
        type: 3}
      propertyPath: m_LocalEulerAnglesHint.z
      value: 0
      objectReference: {fileID: 0}
    m_RemovedComponents: []
  m_SourcePrefab: {fileID: 100100000, guid: 14a0343389e2b884592bbcf25d213014, type: 3}
--- !u!4 &1010554702998521400 stripped
Transform:
  m_CorrespondingSourceObject: {fileID: 4966710953290554438, guid: 14a0343389e2b884592bbcf25d213014,
    type: 3}
  m_PrefabInstance: {fileID: 5398544273173846654}
  m_PrefabAsset: {fileID: 0}
--- !u!1001 &7107383689571584197
PrefabInstance:
  m_ObjectHideFlags: 0
  serializedVersion: 2
  m_Modification:
    m_TransformParent: {fileID: 3701208280506803734}
    m_Modifications:
    - target: {fileID: 2941884700512816646, guid: 639c789c0c3e8cb4784abd4d6f21b279,
        type: 3}
      propertyPath: m_LocalPosition.x
      value: 3
      objectReference: {fileID: 0}
    - target: {fileID: 2941884700512816646, guid: 639c789c0c3e8cb4784abd4d6f21b279,
        type: 3}
      propertyPath: m_LocalPosition.y
      value: 0.50006676
      objectReference: {fileID: 0}
    - target: {fileID: 2941884700512816646, guid: 639c789c0c3e8cb4784abd4d6f21b279,
        type: 3}
      propertyPath: m_LocalPosition.z
      value: 0
      objectReference: {fileID: 0}
    - target: {fileID: 2941884700512816646, guid: 639c789c0c3e8cb4784abd4d6f21b279,
        type: 3}
      propertyPath: m_LocalRotation.x
      value: -0
      objectReference: {fileID: 0}
    - target: {fileID: 2941884700512816646, guid: 639c789c0c3e8cb4784abd4d6f21b279,
        type: 3}
      propertyPath: m_LocalRotation.y
      value: 0.7071068
      objectReference: {fileID: 0}
    - target: {fileID: 2941884700512816646, guid: 639c789c0c3e8cb4784abd4d6f21b279,
        type: 3}
      propertyPath: m_LocalRotation.z
      value: -0
      objectReference: {fileID: 0}
    - target: {fileID: 2941884700512816646, guid: 639c789c0c3e8cb4784abd4d6f21b279,
        type: 3}
      propertyPath: m_LocalRotation.w
      value: 0.7071068
      objectReference: {fileID: 0}
    - target: {fileID: 2941884700512816646, guid: 639c789c0c3e8cb4784abd4d6f21b279,
        type: 3}
      propertyPath: m_RootOrder
      value: 1
      objectReference: {fileID: 0}
    - target: {fileID: 2941884700512816646, guid: 639c789c0c3e8cb4784abd4d6f21b279,
        type: 3}
      propertyPath: m_LocalEulerAnglesHint.x
      value: 0
      objectReference: {fileID: 0}
    - target: {fileID: 2941884700512816646, guid: 639c789c0c3e8cb4784abd4d6f21b279,
        type: 3}
      propertyPath: m_LocalEulerAnglesHint.y
      value: 90
      objectReference: {fileID: 0}
    - target: {fileID: 2941884700512816646, guid: 639c789c0c3e8cb4784abd4d6f21b279,
        type: 3}
      propertyPath: m_LocalEulerAnglesHint.z
      value: 0
      objectReference: {fileID: 0}
    - target: {fileID: 2941884700512816646, guid: 639c789c0c3e8cb4784abd4d6f21b279,
        type: 3}
      propertyPath: m_LocalScale.x
      value: 0.8000001
      objectReference: {fileID: 0}
    - target: {fileID: 2941884700512816646, guid: 639c789c0c3e8cb4784abd4d6f21b279,
        type: 3}
      propertyPath: m_LocalScale.z
      value: 0.8000001
      objectReference: {fileID: 0}
    - target: {fileID: 2941884700513178150, guid: 639c789c0c3e8cb4784abd4d6f21b279,
        type: 3}
      propertyPath: m_Name
      value: Rock_Prefab
      objectReference: {fileID: 0}
    m_RemovedComponents: []
  m_SourcePrefab: {fileID: 100100000, guid: 639c789c0c3e8cb4784abd4d6f21b279, type: 3}
--- !u!4 &5364300917022181059 stripped
Transform:
  m_CorrespondingSourceObject: {fileID: 2941884700512816646, guid: 639c789c0c3e8cb4784abd4d6f21b279,
    type: 3}
  m_PrefabInstance: {fileID: 7107383689571584197}
  m_PrefabAsset: {fileID: 0}
