%YAML 1.1
%TAG !u! tag:unity3d.com,2011:
--- !u!54 &3358308466395274130
Rigidbody:
  m_ObjectHideFlags: 0
  m_CorrespondingSourceObject: {fileID: 0}
  m_PrefabInstance: {fileID: 0}
  m_PrefabAsset: {fileID: 0}
  m_GameObject: {fileID: 1885297547264035210}
  serializedVersion: 2
  m_Mass: 1
  m_Drag: 0
  m_AngularDrag: 0
  m_UseGravity: 0
  m_IsKinematic: 1
  m_Interpolate: 0
  m_Constraints: 0
  m_CollisionDetection: 0
--- !u!65 &986077877481497650
BoxCollider:
  m_ObjectHideFlags: 0
  m_CorrespondingSourceObject: {fileID: 0}
  m_PrefabInstance: {fileID: 0}
  m_PrefabAsset: {fileID: 0}
  m_GameObject: {fileID: 1885297547264035210}
  m_Material: {fileID: 0}
  m_IsTrigger: 1
  m_Enabled: 1
  serializedVersion: 2
  m_Size: {x: 0.044049904, y: 0.036, z: 0.018}
  m_Center: {x: -0.0015803337, y: 0.009, z: 0}
--- !u!114 &1587201286909931921
MonoBehaviour:
  m_ObjectHideFlags: 0
  m_CorrespondingSourceObject: {fileID: 0}
  m_PrefabInstance: {fileID: 0}
  m_PrefabAsset: {fileID: 0}
  m_GameObject: {fileID: 1885297547264035210}
  m_Enabled: 1
  m_EditorHideFlags: 0
  m_Script: {fileID: 11500000, guid: dbff457f53c9dba4c997b2d202877347, type: 3}
  m_Name: 
  m_EditorClassIdentifier: 
  possibleMaterials:
  - {fileID: 2100000, guid: fc6f26659e5567247a111d9247465c13, type: 2}
  - {fileID: 2100000, guid: 7035d7f8757dc2946904e38b831bf42b, type: 2}
  - {fileID: 2100000, guid: fcf59a39d922f5b408fb9de922c1ee34, type: 2}
  - {fileID: 2100000, guid: 7f915564e02d7624aaa88d7674e83075, type: 2}
  - {fileID: 2100000, guid: 2a6c8fdceeee488418663a46854ab545, type: 2}
  - {fileID: 2100000, guid: 4add69fc6d74a5946ae4c9a81ed429ef, type: 2}
--- !u!114 &5888390463282770481
MonoBehaviour:
  m_ObjectHideFlags: 0
  m_CorrespondingSourceObject: {fileID: 0}
  m_PrefabInstance: {fileID: 0}
  m_PrefabAsset: {fileID: 0}
  m_GameObject: {fileID: 1885297547264035210}
  m_Enabled: 1
  m_EditorHideFlags: 0
  m_Script: {fileID: 11500000, guid: d2a7d3bbfefbf384990884dce1fec4a9, type: 3}
  m_Name: 
  m_EditorClassIdentifier: 
--- !u!1 &5936321198344061181
GameObject:
  m_ObjectHideFlags: 0
  m_CorrespondingSourceObject: {fileID: 0}
  m_PrefabInstance: {fileID: 0}
  m_PrefabAsset: {fileID: 0}
  serializedVersion: 6
  m_Component:
  - component: {fileID: 5936321198344061183}
  m_Layer: 11
  m_Name: CarPreset2
  m_TagString: Untagged
  m_Icon: {fileID: 0}
  m_NavMeshLayer: 0
  m_StaticEditorFlags: 0
  m_IsActive: 1
--- !u!4 &5936321198344061183
Transform:
  m_ObjectHideFlags: 0
  m_CorrespondingSourceObject: {fileID: 0}
  m_PrefabInstance: {fileID: 0}
  m_PrefabAsset: {fileID: 0}
  m_GameObject: {fileID: 5936321198344061181}
  m_LocalRotation: {x: 0, y: 0, z: 0, w: 1}
  m_LocalPosition: {x: -3.17, y: 1, z: 0}
  m_LocalScale: {x: 1, y: 1, z: 1}
  m_Children:
  - {fileID: 1885297547263850600}
  m_Father: {fileID: 0}
  m_RootOrder: 0
  m_LocalEulerAnglesHint: {x: 0, y: 0, z: 0}
--- !u!1001 &1885297547263932588
PrefabInstance:
  m_ObjectHideFlags: 0
  serializedVersion: 2
  m_Modification:
    m_TransformParent: {fileID: 5936321198344061183}
    m_Modifications:
    - target: {fileID: 102164, guid: f7cb15c5a7c4bdd498370bd90d1d77bd, type: 3}
      propertyPath: m_Layer
      value: 11
      objectReference: {fileID: 0}
    - target: {fileID: 125260, guid: f7cb15c5a7c4bdd498370bd90d1d77bd, type: 3}
      propertyPath: m_Layer
      value: 11
      objectReference: {fileID: 0}
    - target: {fileID: 160038, guid: f7cb15c5a7c4bdd498370bd90d1d77bd, type: 3}
      propertyPath: m_Name
      value: Car
      objectReference: {fileID: 0}
    - target: {fileID: 160038, guid: f7cb15c5a7c4bdd498370bd90d1d77bd, type: 3}
      propertyPath: m_Layer
      value: 11
      objectReference: {fileID: 0}
    - target: {fileID: 181436, guid: f7cb15c5a7c4bdd498370bd90d1d77bd, type: 3}
      propertyPath: m_Layer
      value: 11
      objectReference: {fileID: 0}
    - target: {fileID: 184260, guid: f7cb15c5a7c4bdd498370bd90d1d77bd, type: 3}
      propertyPath: m_Layer
      value: 11
      objectReference: {fileID: 0}
    - target: {fileID: 475332, guid: f7cb15c5a7c4bdd498370bd90d1d77bd, type: 3}
      propertyPath: m_LocalPosition.x
      value: 0
      objectReference: {fileID: 0}
    - target: {fileID: 475332, guid: f7cb15c5a7c4bdd498370bd90d1d77bd, type: 3}
      propertyPath: m_LocalPosition.y
      value: 0
      objectReference: {fileID: 0}
    - target: {fileID: 475332, guid: f7cb15c5a7c4bdd498370bd90d1d77bd, type: 3}
      propertyPath: m_LocalPosition.z
      value: 0
      objectReference: {fileID: 0}
    - target: {fileID: 475332, guid: f7cb15c5a7c4bdd498370bd90d1d77bd, type: 3}
      propertyPath: m_LocalRotation.x
      value: 0
      objectReference: {fileID: 0}
    - target: {fileID: 475332, guid: f7cb15c5a7c4bdd498370bd90d1d77bd, type: 3}
      propertyPath: m_LocalRotation.y
      value: 1
      objectReference: {fileID: 0}
    - target: {fileID: 475332, guid: f7cb15c5a7c4bdd498370bd90d1d77bd, type: 3}
      propertyPath: m_LocalRotation.z
      value: 0
      objectReference: {fileID: 0}
    - target: {fileID: 475332, guid: f7cb15c5a7c4bdd498370bd90d1d77bd, type: 3}
      propertyPath: m_LocalRotation.w
      value: 0
      objectReference: {fileID: 0}
    - target: {fileID: 475332, guid: f7cb15c5a7c4bdd498370bd90d1d77bd, type: 3}
      propertyPath: m_RootOrder
      value: 0
      objectReference: {fileID: 0}
    - target: {fileID: 475332, guid: f7cb15c5a7c4bdd498370bd90d1d77bd, type: 3}
      propertyPath: m_LocalEulerAnglesHint.x
      value: 0
      objectReference: {fileID: 0}
    - target: {fileID: 475332, guid: f7cb15c5a7c4bdd498370bd90d1d77bd, type: 3}
      propertyPath: m_LocalEulerAnglesHint.y
      value: 180
      objectReference: {fileID: 0}
    - target: {fileID: 475332, guid: f7cb15c5a7c4bdd498370bd90d1d77bd, type: 3}
      propertyPath: m_LocalEulerAnglesHint.z
      value: 0
      objectReference: {fileID: 0}
    m_RemovedComponents: []
  m_SourcePrefab: {fileID: 100100000, guid: f7cb15c5a7c4bdd498370bd90d1d77bd, type: 3}
--- !u!1 &1885297547264035210 stripped
GameObject:
  m_CorrespondingSourceObject: {fileID: 160038, guid: f7cb15c5a7c4bdd498370bd90d1d77bd,
    type: 3}
  m_PrefabInstance: {fileID: 1885297547263932588}
  m_PrefabAsset: {fileID: 0}
--- !u!4 &1885297547263850600 stripped
Transform:
  m_CorrespondingSourceObject: {fileID: 475332, guid: f7cb15c5a7c4bdd498370bd90d1d77bd,
    type: 3}
  m_PrefabInstance: {fileID: 1885297547263932588}
  m_PrefabAsset: {fileID: 0}
